<?xml version="1.0" encoding="UTF-8"?><collection xmlns="http://www.loc.gov/MARC21/slim"><record><leader>00445nam--2200169-i-4500</leader><controlfield tag="001">000039758</controlfield><controlfield tag="002">20161230</controlfield><controlfield tag="005">20161230201042</controlfield><controlfield tag="008">060222s1000------------r-----000-0-eng-d</controlfield><datafield ind1=" " ind2=" " tag="040"><subfield code="a">IFIN-HH</subfield></datafield><datafield ind1="1" ind2=" " tag="100"><subfield code="a">Rowlinson,J.S</subfield></datafield><datafield ind1="1" ind2="0" tag="245"><subfield code="a">Liquids and liquid mixtures</subfield><subfield code="c">J.s. rowlinson</subfield></datafield><datafield ind1=" " ind2=" " tag="260"><subfield code="a">London,Butterworth, 1959</subfield></datafield><datafield ind1=" " ind2=" " tag="300"><subfield code="a">IX+360 P</subfield></datafield><datafield ind1=" " ind2=" " tag="490"><subfield code="a">Modern Aspects Seroes of Chemistry</subfield></datafield><datafield ind1=" " ind2=" " tag="852"><subfield code="a">15682</subfield><subfield code="c">532</subfield></datafield><datafield ind1=" " ind2=" " tag="CAT"><subfield code="a">Sys</subfield><subfield code="c">20100713</subfield><subfield code="h">105940</subfield></datafield></record></collection>